% Encoding: UTF-8


@IEEEtranBSTCTL{IEEE_ctl:fullNames,
  Ctlname_format_string    = {{ff~}{vv~}{ll}{, jj}}
}

@IEEEtranBSTCTL{IEEE_ctl:noUrlPrefix,
  CTLname_url_prefix = {}
}

@IEEEtranBSTCTL{IEEE_ctl:repeat,
  Ctldash_repeated_names   = {no}
}

@IEEEtranBSTCTL{IEEEexample:BSTcontrol,
  Ctlalt_stretch_factor    = {4},
  Ctldash_repeated_names   = {yes},
  Ctlmax_names_forced_etal = {10},
  Ctlname_format_string    = {{f.˜}{vv˜}{ll}{, jj}},
  Ctlname_url_prefix       = {[Online]. Available:},
  Ctlnames_show_etal       = {1},
  Ctluse_alt_spacing       = {yes},
  Ctluse_article_number    = {yes},
  Ctluse_forced_etal       = {no},
  Ctluse_paper             = {yes}
}

@Comment{jabref-meta: databaseType:biblatex;}
